@misc{3dProjection,
        title={{3D projection}},
        publisher={Wikipedia},
        year={2011},
        month={December},
        howpublished={[Online]. Available: \url{http://en.wikipedia.org/wiki/Perspective_transform}}
}
@misc{rasterizer,
        title={{3D projection}},
        year={2011},
        month={December},
        howpublished={[Online]. Available: \url{http://www.techfak.uni-bielefeld.de/ags/wbski/lehre/digiSA/WS0607/3DVRCG/Vorlesung/13.RT3DCGVR-vertex-2-fragment.pdf}}
}
